%% This BibTeX bibliography file was created using BibDesk.
%% https://bibdesk.sourceforge.io/

%% Created for Vo Hung Son at 2019-05-01 23:18:00 +0700 


%% Saved with string encoding Unicode (UTF-8) 



@article{cite-key7,
	Author = {GNU Operating System},
	Date-Added = {2019-05-01 23:17:05 +0700},
	Date-Modified = {2019-05-01 23:17:57 +0700},
	Journal = {GNU Lesser General Public License},
	Title = {https://www.gnu.org/copyleft/lesser.html},
	Year = {2016}}

@article{cite-key6,
	Author = {Oracle},
	Date-Added = {2019-05-01 20:13:15 +0700},
	Date-Modified = {2019-05-01 20:16:59 +0700},
	Journal = {How to Write Doc Comments for the Javadoc Tool},
	Title = {https://www.oracle.com/technetwork/java/javase/tech/index-137868.html},
	Year = {1993, 2019}}

@article{cite-key5,
	Author = {Oracle},
	Date-Added = {2019-05-01 20:08:36 +0700},
	Date-Modified = {2019-05-01 20:16:39 +0700},
	Journal = {Java Platform Standard Edition 8 Documentation},
	Title = {https://docs.oracle.com/javase/8/docs},
	Year = {1993, 2019}}

@article{cite-key4,
	Author = {javaTpoint},
	Date-Added = {2019-05-01 20:02:45 +0700},
	Date-Modified = {2019-05-01 20:16:20 +0700},
	Journal = {JavaFx Tutorial},
	Title = {https://www.javatpoint.com/javafx-tutorial},
	Year = {2019}}

@article{cite-key3,
	Author = {David Joyner, Minh Van Nguyen, David Phillips},
	Date-Added = {2019-05-01 19:58:36 +0700},
	Date-Modified = {2019-05-01 20:00:52 +0700},
	Journal = {Version 0.8-r1991},
	Title = {Algorithmic Graph Theory and Sage},
	Year = {2013}}

@article{cite-key1,
	Author = {Groupe de recherche du LaBRI},
	Date-Added = {2019-04-30 08:16:05 +0700},
	Date-Modified = {2019-05-01 20:15:31 +0700},
	Journal = {Graphes et Optimisation},
	Title = {https://graphesetoptimisation.labri.fr},
	Year = {2019}}

@article{cite-key2,
	Author = {Overleaf},
	Date-Added = {2019-04-30 08:16:05 +0700},
	Date-Modified = {2019-05-01 20:15:52 +0700},
	Journal = {TikZ package},
	Title = {https://www.overleaf.com/learn/latex},
	Year = {2019}}
